%% This BibTeX bibliography file was created using BibDesk.
%% http://bibdesk.sourceforge.net/


%% Created for Gary L. Gray at 2006-04-12 19:28:23 -0400 


%% Saved with string encoding Western (ASCII) 


@inproceedings{luu2016making,
  title={Making smart contracts smarter},
  author={Luu, Loi and Chu, Duc-Hiep and Olickel, Hrishi and Saxena, Prateek and Hobor, Aquinas},
  booktitle={Proceedings of the 2016 ACM SIGSAC conference on computer and communications security},
  pages={254--269},
  year={2016}
}

@misc{hardle2020understanding,
  title={Understanding cryptocurrencies},
  author={H{\"a}rdle, Wolfgang Karl and Harvey, Campbell R and Reule, Raphael CG},
  journal={Journal of Financial Econometrics},
  volume={18},
  number={2},
  pages={181--208},
  year={2020},
  publisher={Oxford University Press}
}

@article{milutinovic2018cryptocurrency,
  title={Cryptocurrency},
  author={Milutinovi{\'c}, Monia},
  journal={Ekonomika},
  volume={64},
  number={1},
  pages={105--122},
  year={2018}
}

@inproceedings{ref4,
  title={Blockchain technology, bitcoin, and Ethereum: A brief overview},
  author={Vuji{\v{c}}i{\'c}, Dejan and Jagodi{\'c}, Dijana and Ran{\dj}i{\'c}, Sini{\v{s}}a},
  booktitle={2018 17th international symposium infoteh-jahorina (infoteh)},
  pages={1--6},
  year={2018},
  organization={IEEE}
}

@inproceedings{ref5,
  title={Ethereum: state of knowledge and research perspectives},
  author={Tikhomirov, Sergei},
  booktitle={International Symposium on Foundations and Practice of Security},
  pages={206--221},
  year={2017},
  organization={Springer}
}

@article{ref6,
  title={Gaschecker: Scalable analysis for discovering gas-inefficient smart contracts},
  author={Chen, Ting and Feng, Youzheng and Li, Zihao and Zhou, Hao and Luo, Xiaopu and Li, Xiaoqi and Xiao, Xiuzhuo and Chen, Jiachi and Zhang, Xiaosong},
  journal={IEEE Transactions on Emerging Topics in Computing},
  volume={9},
  number={3},
  pages={1433--1448},
  year={2020},
  publisher={IEEE}
}

@inproceedings{ref7,
  title={Synthesis of super-optimized smart contracts using max-smt},
  author={Albert, Elvira and Gordillo, Pablo and Rubio, Albert and Schett, Maria A},
  booktitle={International Conference on Computer Aided Verification},
  pages={177--200},
  year={2020},
  organization={Springer}
}

@inproceedings{ref8,
  title={Under-optimized smart contracts devour your money},
  author={Chen, Ting and Li, Xiaoqi and Luo, Xiapu and Zhang, Xiaosong},
  booktitle={2017 IEEE 24th international conference on software analysis, evolution and reengineering (SANER)},
  pages={442--446},
  year={2017},
  organization={IEEE}
}

@article{ref9,
  title={Characterizing and Detecting Gas-Inefficient Patterns in Smart Contracts},
  author={Kong, Que-Ping and Wang, Zi-Yan and Huang, Yuan and Chen, Xiang-Ping and Zhou, Xiao-Cong and Zheng, Zi-Bin and Huang, Gang},
  journal={Journal of Computer Science and Technology},
  volume={37},
  number={1},
  pages={67--82},
  year={2022},
  publisher={Springer}
}

@inproceedings{ref10,
  title={Characterizing efficiency optimizations in solidity smart contracts},
  author={Brandst{\"a}tter, Tamara and Schulte, Stefan and Cito, J{\"u}rgen and Borkowski, Michael},
  booktitle={2020 IEEE International Conference on Blockchain (Blockchain)},
  pages={281--290},
  year={2020},
  organization={IEEE}
}

@inproceedings{mukhopadhyay2016brief,
  title={A brief survey of cryptocurrency systems},
  author={Mukhopadhyay, Ujan and Skjellum, Anthony and Hambolu, Oluwakemi and Oakley, Jon and Yu, Lu and Brooks, Richard},
  booktitle={2016 14th annual conference on privacy, security and trust (PST)},
  pages={745--752},
  year={2016},
  organization={IEEE}
}

@inproceedings{li2021gas,
  title={Gas Estimation and optimization for smart contracts on ethereum},
  author={Li, Chunmiao},
  booktitle={2021 36th IEEE/ACM International Conference on Automated Software Engineering (ASE)},
  pages={1082--1086},
  year={2021},
  organization={IEEE}
}

@inproceedings{marchesi2020design,
  title={Design patterns for gas optimization in ethereum},
  author={Marchesi, Lodovica and Marchesi, Michele and Destefanis, Giuseppe and Barabino, Giulio and Tigano, Danilo},
  booktitle={2020 IEEE International Workshop on Blockchain Oriented Software Engineering (IWBOSE)},
  pages={9--15},
  year={2020},
  organization={IEEE}
}

@article{di2022profiling,
  title={Profiling gas consumption in solidity smart contracts},
  author={Di Sorbo, Andrea and Laudanna, Sonia and Vacca, Anna and Visaggio, Corrado A and Canfora, Gerardo},
  journal={Journal of Systems and Software},
  volume={186},
  pages={111193},
  year={2022},
  publisher={Elsevier}
}

@article{albert2022super,
  title={Super-optimization of smart contracts},
  author={Albert, Elvira and Gordillo, Pablo and Hern{\'a}ndez-Cerezo, Alejandro and Rubio, Albert and Schett, Maria A},
  journal={ACM Transactions on Software Engineering and Methodology (TOSEM)},
  volume={31},
  number={4},
  pages={1--29},
  year={2022},
  publisher={ACM New York, NY}
}

@inproceedings{nelaturu2021smart,
  title={Smart Contracts Refinement for Gas Optimization},
  author={Nelaturu, Keerthi and Beillahit, Sidi Mohamed and Long, Fan and Veneris, Andreas},
  booktitle={2021 3rd Conference on Blockchain Research \& Applications for Innovative Networks and Services (BRAINS)},
  pages={229--236},
  year={2021},
  organization={IEEE}
}

@article{seven2020peer,
  title={Peer-to-peer energy trading in virtual power plant based on blockchain smart contracts},
  author={Seven, Serkan and Yao, Gang and Soran, Ahmet and Onen, Ahmet and Muyeen, SM},
  journal={Ieee Access},
  volume={8},
  pages={175713--175726},
  year={2020},
  publisher={IEEE}
}

@inproceedings{gao2021verification,
  title={Verification assisted gas reduction for smart contracts},
  author={Gao, Bo and Shen, Siyuan and Shi, Ling and Li, Jiaying and Sun, Jun and Bu, Lei},
  booktitle={2021 28th Asia-Pacific Software Engineering Conference (APSEC)},
  pages={264--274},
  year={2021},
  organization={IEEE}
}

@article{hu2019research,
  title={Research on smart contract optimization method on blockchain},
  author={Hu, Wen and Fan, Zhipeng and Gao, Ye},
  journal={IT Professional},
  volume={21},
  number={5},
  pages={33--38},
  year={2019},
  publisher={IEEE}
}

@inproceedings{nguyen2022gassaver,
  title={GasSaver: A Tool for Solidity Smart Contract Optimization},
  author={Nguyen, Quang-Thang and Do, Bao Son and Nguyen, Thi Tam and Do, Ba-Lam},
  booktitle={Proceedings of the Fourth ACM International Symposium on Blockchain and Secure Critical Infrastructure},
  pages={125--134},
  year={2022}
}

@inproceedings{wang2018overview,
  title={An overview of smart contract: architecture, applications, and future trends},
  author={Wang, Shuai and Yuan, Yong and Wang, Xiao and Li, Juanjuan and Qin, Rui and Wang, Fei-Yue},
  booktitle={2018 IEEE Intelligent Vehicles Symposium (IV)},
  pages={108--113},
  year={2018},
  organization={IEEE}
}

@article{zou2019smart,
  title={Smart contract development: Challenges and opportunities},
  author={Zou, Weiqin and Lo, David and Kochhar, Pavneet Singh and Le, Xuan-Bach Dinh and Xia, Xin and Feng, Yang and Chen, Zhenyu and Xu, Baowen},
  journal={IEEE Transactions on Software Engineering},
  volume={47},
  number={10},
  pages={2084--2106},
  year={2019},
  publisher={IEEE}
}

@article{hu2019research,
  title={Research on smart contract optimization method on blockchain},
  author={Hu, Wen and Fan, Zhipeng and Gao, Ye},
  journal={IT Professional},
  volume={21},
  number={5},
  pages={33--38},
  year={2019},
  publisher={IEEE}
}

@inproceedings{chen2018towards,
  title={Towards saving money in using smart contracts},
  author={Chen, Ting and Li, Zihao and Zhou, Hao and Chen, Jiachi and Luo, Xiapu and Li, Xiaoqi and Zhang, Xiaosong},
  booktitle={2018 IEEE/ACM 40th international conference on software engineering: New ideas and emerging technologies results (ICSE-NIER)},
  pages={81--84},
  year={2018},
  organization={IEEE}
}

@inproceedings{wang2019towards,
  title={Towards generating cost-effective test-suite for Ethereum smart contract},
  author={Wang, Xingya and Wu, Haoran and Sun, Weisong and Zhao, Yuan},
  booktitle={2019 IEEE 26th International Conference on Software Analysis, Evolution and Reengineering (SANER)},
  pages={549--553},
  year={2019},
  organization={IEEE}
}

@inproceedings{masla2021reduction,
  title={Reduction in Gas Cost for Blockchain Enabled Smart Contract},
  author={Masla, Nitima and Vyas, Vaibhav and Gautam, Jyoti and Shaw, Rabindra Nath and Ghosh, Ankush},
  booktitle={2021 IEEE 4th International Conference on Computing, Power and Communication Technologies (GUCON)},
  pages={1--6},
  year={2021},
  organization={IEEE}
}

@article{chen2021maintenance,
  title={Maintenance-related concerns for post-deployed Ethereum smart contract development: issues, techniques, and future challenges},
  author={Chen, Jiachi and Xia, Xin and Lo, David and Grundy, John and Yang, Xiaohu},
  journal={Empirical Software Engineering},
  volume={26},
  number={6},
  pages={1--44},
  year={2021},
  publisher={Springer}
}

@inproceedings{feist2019slither,
  title={Slither: a static analysis framework for smart contracts},
  author={Feist, Josselin and Grieco, Gustavo and Groce, Alex},
  booktitle={2019 IEEE/ACM 2nd International Workshop on Emerging Trends in Software Engineering for Blockchain (WETSEB)},
  pages={8--15},
  year={2019},
  organization={IEEE}
}

@inproceedings{bartoletti2017empirical,
  title={An empirical analysis of smart contracts: platforms, applications, and design patterns},
  author={Bartoletti, Massimo and Pompianu, Livio},
  booktitle={International conference on financial cryptography and data security},
  pages={494--509},
  year={2017},
  organization={Springer}
}

@inproceedings{tikhomirov2018smartcheck,
  title={Smartcheck: Static analysis of ethereum smart contracts},
  author={Tikhomirov, Sergei and Voskresenskaya, Ekaterina and Ivanitskiy, Ivan and Takhaviev, Ramil and Marchenko, Evgeny and Alexandrov, Yaroslav},
  booktitle={Proceedings of the 1st International Workshop on Emerging Trends in Software Engineering for Blockchain},
  pages={9--16},
  year={2018}
}

@inproceedings{akca2019solanalyser,
  title={Solanalyser: A framework for analysing and testing smart contracts},
  author={Akca, Sefa and Rajan, Ajitha and Peng, Chao},
  booktitle={2019 26th Asia-Pacific Software Engineering Conference (APSEC)},
  pages={482--489},
  year={2019},
  organization={IEEE}
}

@inproceedings{grishchenko2018foundations,
  title={Foundations and tools for the static analysis of ethereum smart contracts},
  author={Grishchenko, Ilya and Maffei, Matteo and Schneidewind, Clara},
  booktitle={International Conference on Computer Aided Verification},
  pages={51--78},
  year={2018},
  organization={Springer}
}

@inproceedings{albert2020gasol,
  title={GASOL: gas analysis and optimization for ethereum smart contracts},
  author={Albert, Elvira and Correas, Jes{\'u}s and Gordillo, Pablo and Rom{\'a}n-D{\'{i}}ez, Guillermo and Rubio, Albert},
  booktitle={International Conference on Tools and Algorithms for the Construction and Analysis of Systems},
  pages={118--125},
  year={2020},
  organization={Springer}
}


@comment{BibDesk Smart Groups{
<?xml version="1.0" encoding="UTF-8"?>
<!DOCTYPE plist PUBLIC "-//Apple Computer//DTD PLIST 1.0//EN" "http://www.apple.com/DTDs/PropertyList-1.0.dtd">
<plist version="1.0">
<array/>
</plist>
}}
